@article{alfven1942,
  author       = {Alfvén, H.}, % Hannes Alfvén, but call him H. to aid line breaking.
  title        = {Existence of Electromagnetic-Hydrodynamic Waves},
  journaltitle = {Nature},
  volume       = {150},
  number       = {3805},
  pages        = {405–406},
  year         = {1942},
  % url        = {http://www.nature.com/nature/journal/v150/n3805/abs/150405d0.html},
  % doi        = {10.1038/150405d0}
}

@article{milnor1954,
  author       = {Milnor, John},
  title        = {Link Groups},
  journaltitle = {Annals of Mathematics},
  volume       = {59},
  number       = {2},
  pages        = {177–195},
  year         = {1954},
  % doi        = {10.2307/1969685}
}

@article{woltjer1958,
  author       = {Woltjer, L.},
  title        = {A Theorem on Force-free Magnetic Fields},
  journaltitle = {Proceedings of the National Academy of Sciences of the United States of America},
  volume       = {44},
  number       = {6},
  pages        = {489–491},
  year         = {1958},
  % url        = {http://www.ncbi.nlm.nih.gov/pmc/articles/PMC528606/},
}

@article{stern1966,
  author       = {Stern, David P.},
  title        = {The Motion of Magnetic Field Lines},
  journaltitle = {Space Science Reviews},
  volume       = {6},
  number       = {2},
  pages        = {147–173},
  year         = {1966},
  publisher    = {Kluwer Academic Publishers},
  % url        = {http://ntrs.nasa.gov/archive/nasa/casi.ntrs.nasa.gov/19670003893.pdf},
  % url        = {http://adsabs.harvard.edu/abs/1966SSRv....6..147S},
  % doi        = {10.1007/BF00222592}
}

@article{moffatt1969,
  author       = {Moffatt, H.K.},
  title        = {The degree of knottedness of tangled vortex lines},
  journaltitle = {Journal of Fluid Mechanics},
  volume       = {35},
  number       = {1},
  pages        = {117–129},
  year         = {1969},
  publisher    = {Cambridge University Press},
  % doi        = {10.1017/S0022112069000991}
}

@book{bourbaki1970,
  author       = {Bourbaki, Nicolas},
  title        = {Algèbre},
  subtitle     = {Chapitres 1 à 3},
  year         = {1970},
  publisher    = {Masson},
  location     = {Paris},
  related      = {bourbaki2007a},
  relatedtype  = {reprintas}
}

@book{bourbaki1971,
  author       = {Bourbaki, Nicolas},
  title        = {Topologie Générale},
  subtitle     = {Chapitres 1 à 4},
  year         = {1971},
  publisher    = {Hermann},
  location     = {Paris},
  related      = {bourbaki2007b},
  relatedtype  = {reprintas},
  % url        = {https://archive.org/details/ElementsOfMathematics-AlgebraPart1} (English translation)
}

@book{warner1971,
  author       = {Warner, Frank W.},
  title        = {Foundations of Differentiable Manifolds and Lie Groups},
  year         = {1971},
  editor       = {Singer, I.M.},
  publisher    = {Scott, Foresman and Company},
  location     = {Glenview, Illinois}
}

@article{arnold1974,
  author       = {Arnold, Vladimir I.},
  title        = {The Asymptotic Hopf Invariant and Its Applications},
  journaltitle = {Proceedings of the Summer School in Differential Equations, Dilhan 1973},
  pages        = {229–256},
  year         = {1974},
  translator   = {Boas, R.P.},
  related      = {arnold2014},
  relatedtype  = {reprintas}
}

@book{bourbaki1974,
  author       = {Bourbaki, Nicolas},
  title        = {Topologie Générale},
  subtitle     = {Chapitres 5 à 10},
  year         = {1974},
  publisher    = {Hermann},
  location     = {Paris},
  related      = {bourbaki2007c},
  relatedtype  = {reprintas}
}

@article{taylor1974,
  author       = {Taylor, John Bryan},
  title        = {Relaxation of Toroidal Plasma and Generation of Reverse Magnetic Fields},
  journaltitle = {Physical Review Letters},
  volume       = {33},
  number       = {19},
  pages        = {1139–1141},
  year         = {1974},
  publisher    = {American Physical Society},
  % doi        = {10.1103/PhysRevLett.33.1139}
}

@book{rolfsen1976,
  author       = {Rolfsen, Dale},
  title        = {Knots and Links},
  year         = {1976},
  publisher    = {Publish or Perish},
  location     = {Berkeley, \textsc{ca}},
  related      = {rolfsen2003},
  relatedtype  = {reprentas}
}

@book{bott1982,
  author       = {Bott, Raoul and Tu, Loring W.},
  title        = {Differential Forms in Algebraic Topology},
  year         = {1982},
  editor       = {Axler, S. and Gehring, F.W. and Ribet, K.A.},
  publisher    = {Springer},
  location     = {New York},
  isbn         = {978-0387-90613-3},
  % doi        = {10.1007/978-1-4757-3951-0}
}

@article{kamchatnov1982,
  author       = {Kamchatnov, Anatoly M.},
  title        = {Topological Solitons in Magnetohydrodynamics},
  journaltitle = {Soviet Physics, \textsc{jetp}},
  volume       = {55},
  number       = {1},
  pages        = {69–73},
  year         = {1982},
  translator   = {D. ter Haar},
  % url        = {http://jetp.ac.ru/cgi-bin/e/index/e/55/1/p69?a=list}
}

@book{jacobson1985,
  author       = {Jacobson, Nathan},
  title        = {Basic Algebra I},
  edition      = {Second Edition},
  year         = {1985},
  publisher    = {W.H. Freeman and Company},
  location     = {New York},
  isbn         = {0-7167-1480-9}
}

@inbook{sagdeev1986,
  author       = {Sagdeev, R.Z. and Mciseev, S.S. and Tur, A.V. and Yancvskii, V.V.},
  title        = {Problems of the Theory of Strong Turbulence and Topological Solitons},
  pages        = {137–182},
  editor       = {Sagdeev, Roald Zinnurovich},
  booktitle    = {Nonlinear Phenomena in Plasma Physics and Hydrodynamics},
  year         = {1986},
  publisher    = {Mir Publishers},
  location     = {Moscow},
  translator   = {Valerii Ilyuschchenko}
}

@book{jacobson1989,
  author       = {Jacobson, Nathan},
  title        = {Basic Algebra II},
  edition      = {Second Edition},
  year         = {1989},
  publisher    = {W.H. Freeman and Company},
  location     = {New York},
  isbn         = {0-7167-1933-9}
}

@book{hatcher2002,
  author       = {Hatcher, Allen},
  title        = {Algebraic Topology},
  year         = {2002},
  publisher    = {Cambridge University Press},
  location     = {Cambridge},
  isbn         = {978-0-521-79540-0},
  % url        = {http://www.math.cornell.edu/~hatcher/AT/ATpage.html}
}

@book{goedbloed2004,
  author       = {Goedbloed, Hans and Poedts, Stefaan},
  title        = {Principles of Magnetohydrodynamics},
  year         = {2004},
  editor       = {Frances Nex},
  publisher    = {Cambridge University Press},
  location     = {New York},
  isbn         = {978-0-521-62347-6},
  % doi        = {10.1017/CBO9780511616945}
}

@book{szekeres2004,
  author       = {Szekeres, Peter},
  title        = {A Course in Modern Mathematical Physics},
  % subtitle   = {Groups, Hilbert Space and Differential Geometry},
  year         = {2004},
  publisher    = {Cambrigde University Press},
  location     = {New York},
  isbn         = {978-0-521-82960-1},
  % doi        = {10.1017/CBO9780511607066}
}

@book{rolfsen2003,
  author       = {Rolfsen, Dale},
  title        = {Knots and Links},
  year         = {2003},
  publisher    = {\textsc{ams} Chelsea Publishing},
  location     = {Providence, Rhode Island},
  isbn         = {978-0-8218-3436-7},
  related      = {rolfsen1976},
  relatedtype  = {reprintof},
  % url        = {http://www.ams.org/bookstore-getitem/item=chel/346.h},
  % url        = {http://www.maths.ed.ac.uk/~aar/papers/rolfsen.pdf}
}

@book{runde2005,
  author       = {Runde, Volker},
  title        = {A Taste of Topology},
  year         = {2005},
  editor       = {Axler, S. and Ribet, K.A.},
  publisher    = {Springer},
  location     = {New York},
  isbn         = {978-0387-25790-7},
  % doi        = {10.1007/0-387-28387-0}
}

@book{bourbaki2007a,
  author       = {Bourbaki, Nicolas},
  title        = {Algèbre},
  subtitle     = {Chapitres 1 à 3},
  year         = {2007},
  publisher    = {Springer},
  location     = {Heidelberg},
  isbn         = {978-3-540-33849-9},
  related      = {bourbaki1970},
  relatedtype  = {reprintof},
  % doi        = {10.1007/978-3-540-33850-5}
}

@book{bourbaki2007b,
  author       = {Bourbaki, Nicolas},
  title        = {Topologie Générale},
  subtitle     = {Chapitres 1 à 4},
  year         = {2007},
  publisher    = {Springer},
  location     = {Heidelberg},
  isbn         = {978-3-540-33936-6},
  related      = {bourbaki1971},
  relatedtype  = {reprintof},
  % doi        = {10.1007/978-3-540-33982-3}
}

@book{bourbaki2007c,
  author       = {Bourbaki, Nicolas},
  title        = {Topologie Générale},
  subtitle     = {Chapitres 5 à 10},
  year         = {2007},
  publisher    = {Springer},
  location     = {Heidelberg},
  isbn         = {978-3-540-34399-8},
  related      = {bourbaki1974},
  relatedtype  = {reprintof}
  % doi        = {10.1007/978-3-540-34486-5}
}

@article{arrayas2012,
  author       = {Arrayás, Manuel and Trueba, José L.},
  title        = {Torus-Knotted Electromagnetic Fields},
  year         = {2012},
  eprint       = {1106.1122v2},
  eprinttype   = {arxiv},
  eprintclass  = {hep-th},
  % doi        = {10.1088/1751-8113/48/2/025203}
}

@inbook{arnold2014,
  author       = {Arnold, Vladimir I.},
  title        = {The Asymptotic Hopf Invariant and Its Applications},
  booktitle    = {Vladimir I. Arnold — Collected Works},
  volume       = {\textsc{ii}},
  pages        = {357–375},
  year         = {2014},
  editor       = {Givental, Alexander B. and Khesin, Boris A. and Varchenko, Alexander N. and Vassiliev, Victor A. and Viro, Oleg Ya.},
  publisher    = {Springer},
  location     = {Berlin},
  isbn         = {978-3-642-31030-0},
  related      = {arnold1974},
  relatedtype  = {reprintof},
  % doi        = {10.1007/978-3-642-31031-7_32}
}

@thesis{dalhuisen2014,
  author       = {Dalhuisen, Jan Willem},
  title        = {The Robinson Congruence in Electrodynamics and General Relativity},
  year         = {2014},
  type         = {phdthesis},
  institution  = {Leiden University},
  isbn         = {978-90-8593-000-6},
  % url        = {https://openaccess.leidenuniv.nl/handle/1887/24880}
}

@book{morais2014,
  author       = {Morais, Joãno Pedro and Georgiev, Svetlin and Sprößig, Wolfgang},
  title        = {Real Quaternionic Calculus Handbook},
  year         = {2014},
  publisher    = {Springer},
  location     = {Basel},
  isbn         = {978-3-0348-0621-3},
  % doi        = {10.1007/978-3-0348-0622-0}
}